<?xml version="1.0" encoding="UTF-8"?><collection xmlns="http://www.loc.gov/MARC21/slim"><record><leader>00484nam--2200157-i-4500</leader><controlfield tag="001">000004934</controlfield><controlfield tag="002">20161230</controlfield><controlfield tag="005">20170206235851</controlfield><controlfield tag="008">060222s1000------------r-----000-0-eng-d</controlfield><datafield ind1=" " ind2=" " tag="100"><subfield code="a">Butta, Enzo</subfield></datafield><datafield ind1=" " ind2=" " tag="245"><subfield code="a">Dynamic mechanical properties of irradiated po lythylene</subfield></datafield><datafield ind1=" " ind2=" " tag="260"><subfield code="a">Pisa</subfield><subfield code="b">Bibl.Cenrale Dell Universita</subfield><subfield code="c">1958</subfield></datafield><datafield ind1=" " ind2=" " tag="300"><subfield code="a">10 p</subfield></datafield><datafield ind1=" " ind2=" " tag="490"><subfield code="a">Pubblicazioni Della Facolta D Ingegneria Dell Universita Di Pisa, Nr.863</subfield></datafield><datafield ind1=" " ind2=" " tag="700"><subfield code="a">Charlesby, A</subfield></datafield><datafield ind1=" " ind2=" " tag="CAT"><subfield code="a">SYS</subfield><subfield code="c">20170206</subfield><subfield code="h">235851</subfield></datafield></record></collection>